@IEEEtranBSTCTL{IEEEexample:BSTcontrol,
  CTLuse_forced_etal       = "yes",
  CTLmax_names_forced_etal = "2",
  CTLnames_show_etal       = "2"
}

@preamble{ " \newcommand{\noop}[1]{} " }

@article{paul2007probing,
  title={Probing size exclusion mechanisms of complex hydrocarbon mixtures: the effect of altering eluent compositions},
  author={Paul-Dauphin, Stephanie and Karaca, Fatma and Morgan, Trevor J and Millan-Agorio, Marcos and Herod, Alan A and Kandiyoti, Rafael},
  journal={Energy \& Fuels},
  volume={21},
  number={6},
  pages={3484--3489},
  year={2007},
  publisher={ACS Publications}
}

@inproceedings{bird2004nltk,
  title={{NLTK: The natural language toolkit}},
  author={Bird, Steven and Loper, Edward},
  booktitle={42nd Annual Meeting of the. Association for Computational Linguistics},
  pages={31},
  year={2004},
  organization={Association for Computational Linguistics}
}

@article{scikit-learn,
 title={Scikit-learn: Machine Learning in {P}ython},
 author={Pedregosa, F. and Varoquaux, G. and Gramfort, A. and Michel, V.
         and Thirion, B. and Grisel, O. and Blondel, M. and Prettenhofer, P.
         and Weiss, R. and Dubourg, V. and Vanderplas, J. and Passos, A. and
         Cournapeau, D. and Brucher, M. and Perrot, M. and Duchesnay, E.},
 journal={Journal of Machine Learning Research},
 volume={12},
 pages={2825--2830},
 year={2011}
}

@article{wheeler2006database,
  title={Database resources of the national center for biotechnology information},
  author={Wheeler, David L and Barrett, Tanya and Benson, Dennis A and Bryant, Stephen H and Canese, Kathi and Chetvernin, Vyacheslav and Church, Deanna M and DiCuccio, Michael and Edgar, Ron and Federhen, Scott and others},
  journal={Nucleic acids research},
  volume={35},
  number={suppl\_1},
  pages={D5--D12},
  year={2006},
  publisher={Oxford University Press}
}

@book{kapetanios2013natural,
  title={Natural Language Processing: Semantic spects},
  author={Kapetanios, Epaminondas and Tatar, Doina and Sacarea, Christian},
  year={2013},
  publisher={CRC Press}
}

@incollection{leaman2008banner,
  title={{BANNER}: An executable survey of advances in biomedical named entity recognition},
  author={Leaman, Robert and Gonzalez, Graciela},
  booktitle={Biocomputing},
  pages={652--663},
  year={2008},
  publisher={World Scientific}
}

@article{gao2011harnessing,
  title={Harnessing the crowdsourcing power of social media for disaster relief},
  author={Gao, Huiji and Barbier, Geoffrey and Goolsby, Rebecca},
  journal={IEEE Intelligent Systems},
  volume={26},
  number={3},
  pages={10--14},
  year={2011},
  publisher={IEEE}
}

@article{krishna2017visual,
  title={Visual genome: Connecting language and vision using crowdsourced dense image annotations},
  author={Krishna, Ranjay and Zhu, Yuke and Groth, Oliver and Johnson, Justin and Hata, Kenji and Kravitz, Joshua and Chen, Stephanie and Kalantidis, Yannis and Li, Li-Jia and Shamma, David A and others},
  journal={International Journal of Computer Vision},
  volume={123},
  number={1},
  pages={32--73},
  year={2017},
  publisher={Springer}
}

@article{zhu2017gram,
  title={{GRAM-CNN: a deep learning approach with local context for named entity recognition in biomedical text}},
  author={Zhu, Qile and Li, Xiaolin and Conesa, Ana and Pereira, C{\'e}cile},
  journal={Bioinformatics},
  pages={btx815},
  year={2017},
  publisher={Oxford University Press}
}

@article{kim2017machine,
  title={Machine-learned and codified synthesis parameters of oxide materials},
  author={Kim, Edward and Huang, Kevin and Tomala, Alex and Matthews, Sara and Strubell, Emma and Saunders, Adam and McCallum, Andrew and Olivetti, Elsa},
  journal={Scientific data},
  volume={4},
  pages={170127},
  year={2017},
  publisher={Nature Publishing Group}
}

@article{nadeau2007survey,
  title={A survey of named entity recognition and classification},
  author={Nadeau, David and Sekine, Satoshi},
  journal={Lingvisticae Investigationes},
  volume={30},
  number={1},
  pages={3--26},
  year={2007},
  publisher={John Benjamins publishing company}
}

@article{marrero2013named,
  title={Named entity recognition: fallacies, challenges and opportunities},
  author={Marrero, M{\'o}nica and Urbano, Juli{\'a}n and S{\'a}nchez-Cuadrado, Sonia and Morato, Jorge and G{\'o}mez-Berb{\'\i}s, Juan Miguel},
  journal={Computer Standards \& Interfaces},
  volume={35},
  number={5},
  pages={482--489},
  year={2013},
  publisher={Elsevier}
}

@article{mulholland2016perspective,
  title={Perspective: Materials informatics across the product lifecycle: Selection, manufacturing, and certification},
  author={Mulholland, Gregory J and Paradiso, Sean P},
  journal={APL Materials},
  volume={4},
  number={5},
  pages={053207},
  year={2016},
  publisher={AIP Publishing}
}

@article{joulin2016fasttext,
  title={FastText.zip: Compressing text classification models},
  author={Joulin, Armand and Grave, Edouard and Bojanowski, Piotr and Douze, Matthijs and J{\'e}gou, H{\'e}rve and Mikolov, Tomas},
  journal={arXiv preprint arXiv:1612.03651},
  year={2016}
}

@article{joulin2016bag,
  title={Bag of Tricks for Efficient Text Classification},
  author={Joulin, Armand and Grave, Edouard and Bojanowski, Piotr and Mikolov, Tomas},
  journal={arXiv preprint arXiv:1607.01759},
  year={2016}
}

@article{bojanowski2016enriching,
  title={Enriching Word Vectors with Subword Information},
  author={Bojanowski, Piotr and Grave, Edouard and Joulin, Armand and Mikolov, Tomas},
  journal={arXiv preprint arXiv:1607.04606},
  year={2016}
}

@inproceedings{yang1999re,
  title={A re-examination of text categorization methods},
  author={Yang, Yiming and Liu, Xin},
  booktitle={22nd Annual International ACM SIGIR Conference},
  pages={42--49},
  year={1999},
  organization={ACM}
}

@inproceedings{wiener1995neural,
  title={A neural network approach to topic spotting},
  author={Wiener, Erik and Pedersen, Jan O and Weigend, Andreas S and others},
  booktitle={4th Annual Symposium on Document Analysis and Information Retrieval},
  volume={317},
  pages={332},
  year={1995},
  organization={Las Vegas, NV}
}

@inproceedings{joachims1998text,
  title={Text categorization with support vector machines: Learning with many relevant features},
  author={Joachims, Thorsten},
  booktitle={European conference on machine learning},
  pages={137--142},
  year={1998},
  organization={Springer}
}

@inproceedings{tchoua2017towards,
  title={Towards a Hybrid Human-Computer Scientific Information Extraction Pipeline},
  author={Tchoua, Roselyne B and Chard, Kyle and Audus, Debra J and Ward, Logan T and Lequieu, Joshua and De Pablo, Juan J and Foster, Ian T},
  booktitle={13th International Conference on e-Science},
  pages={109--118},
  year={2017},
  organization={IEEE}
}

@article{tchoua2016hybrid,
  title={A hybrid human-computer approach to the extraction of scientific facts from the literature},
  author={Tchoua, Roselyne B and Chard, Kyle and Audus, Debra and Qin, Jian and de Pablo, Juan and Foster, Ian},
  journal={Procedia Computer Science},
  volume={80},
  pages={386--397},
  year={2016},
  publisher={Elsevier}
}

@article{tchoua2019polyner,
  title={Creating Training Data for Scientific Named
Entity Recognition with Minimal Human Effort},
  author={Tchoua, Roselyne B and Hong, Zhi and Chard, Kyle and Ward, Logan and Belikov, Alexander and and Audus, Debra and Patel, Shrayesh and de Pablo, Juan and Foster, Ian},
  year = "\noop{3001} Accepted at the International Conference on Computational Science 2019"
}


@article{tchoua2016hybridi,
  author = {Tchoua, Roselyne B. and Qin, Jian and Audus, Debra J. and Chard, Kyle and Foster, Ian T. and de Pablo, Juan},
  title = {Blending Education and Polymer Science: Semiautomated Creation of a Thermodynamic Property Database},
  journal = {Journal of Chemical Education},
  volume = {93},
  number = {9},
  pages = {1561-1568},
  year = {2016},
  doi = {10.1021/acs.jchemed.5b01032}
} 

@inproceedings{choi2015depends,
  title={It depends: Dependency parser comparison using a web-based evaluation tool},
  author={Choi, Jinho D and Tetreault, Joel and Stent, Amanda},
  booktitle={53rd Annual Meeting of the Association for Computational Linguistics},
  volume={1},
  pages={387--396},
  year={2015}
}

@article{mikolov2013efficient,
  title={Efficient estimation of word representations in vector space},
  author={Mikolov, Tomas and Chen, Kai and Corrado, Greg and Dean, Jeffrey},
  journal={arXiv preprint arXiv:1301.3781},
  year={2013}
}

@inproceedings{mikolov2013distributed,
  title={Distributed representations of words and phrases and their compositionality},
  author={Mikolov, Tomas and Sutskever, Ilya and Chen, Kai and Corrado, Greg S and Dean, Jeff},
  booktitle={Advances in neural information processing systems},
  pages={3111--3119},
  year={2013}
}

@inproceedings{rehurek2010software,
  title={Software framework for topic modelling with large corpora},
  author={Rehurek, Radim and Sojka, Petr},
  booktitle={Workshop on New Challenges for NLP Frameworks},
  year={2010},
  organization={Citeseer}
}

@article{rumelhart1986learning,
  title={Learning internal representations by back-propagating errors},
  author={Rumelhart, David E},
  journal={Parallel distributed processing: Explorations in the microstructure of cognition},
  volume={1},
  pages={318--362},
  year={1986},
  publisher={MIT Press}
}

@inproceedings{sabes1995advances,
  title={Reinforcement Learning by Probability Matching},
  author={Sabes, Philip N and Jordan, Michael I},
  booktitle={Advances in Neural Information Processing Systems},
  pages = {1080--1086},
  year={1995}
}

@article{blaiszik2016materials,
  title={The {Materials Data Facility}: Data services to advance materials science research},
  author={Blaiszik, B and Chard, K and Pruyne, J and Ananthakrishnan, R and Tuecke, S and Foster, I},
  journal={JOM},
  volume={68},
  number={8},
  pages={2045--2052},
  year={2016},
  publisher={Springer}
}

@article{swain2016chemdataextractor,
  title={{ChemDataExtractor}: A Toolkit for Automated Extraction of Chemical Information from the Scientific Literature},
  author={Swain, Matthew C and Cole, Jacqueline M},
  journal={Journal of Chemical Information and Modeling},
  volume={56},
  number={10},
  pages={1894--1904},
  year={2016},
  publisher={ACS Publications}
}

@article{rocktaschel2012chemspot,
  title={Chem{S}pot: A hybrid system for chemical named entity recognition},
  author={Rockt{\"a}schel, Tim and Weidlich, Michael and Leser, Ulf},
  journal={Bioinformatics},
  volume={28},
  number={12},
  pages={1633--1640},
  year={2012},
  publisher={Oxford University Press}
}

@article{leaman2015tmchem,
  title={{tmChem}: A high performance approach for chemical named entity recognition and normalization},
  author={Leaman, Robert and Wei, Chih-Hsuan and Lu, Zhiyong},
  journal={Journal of cheminformatics},
  volume={7},
  number={1},
  pages={S3},
  year={2015},
  publisher={Nature Publishing Group}
}

@incollection{eitouni2007thermodynamics,
  title={Thermodynamics of polymer blends},
  author={Eitouni, H. B. and Balsara, N P.},
  booktitle={Physical Properties of Polymers Handbook},
  pages={339--356},
  year={2007},
  publisher={Springer}
}

@article{audus2017polymer,
  title={Polymer Informatics: Opportunities and Challenges},
  author={Audus, Debra J and de Pablo, Juan J},
  year={2017},
  journal = {ACS Macro Letters},
  volume = 6,
  number = 10,
  pages = {1078-1082},
  publisher={ACS Publications}
}

@inproceedings{Jetstream,
 author = {Stewart, Craig A. and Cockerill, Timothy M. and Foster, Ian and Hancock, David and Merchant, Nirav and Skidmore, Edwin and Stanzione, Daniel and Taylor, James and Tuecke, Steven and Turner, George and Vaughn, Matthew and Gaffney, Niall I.},
 title = {Jetstream: A Self-provisioned, Scalable Science and Engineering Cloud Environment},
 booktitle = {XSEDE Conference: Scientific Advancements Enabled by Enhanced Cyberinfrastructure},
 year = {2015},
 isbn = {978-1-4503-3720-5},
 location = {St. Louis, Missouri},
 pages = {29:1--29:8},
 articleno = {29},
 numpages = {8},
 url = {http://doi.acm.org/10.1145/2792745.2792774},
 doi = {10.1145/2792745.2792774},
 acmid = {2792774},
 publisher = {ACM},
 keywords = {atmosphere, big data, cloud computing, long tail of science},
}

@article{krallinger2015chemdner,
  title={{CHEMDNER}: The drugs and chemical names extraction challenge},
  author={Krallinger, Martin and Leitner, Florian and Rabal, Obdulia and Vazquez, Miguel and Oyarzabal, Julen and Valencia, Alfonso},
  journal={Journal of Cheminformatics},
  volume={7},
  number={1},
  pages={S1},
  year={2015},
  publisher={Springer International Publishing}
}

@misc{okazaki2007crfsuite,
  title={{CRFsuite}: A fast implementation of Conditional Random Fields},
  author={Okazaki, Naoaki},
  journal={2015-03-24]. http://www. chokkan. org/software/crfsuite},
  year={2007}
}

@article{buhrmester2011amazon,
  title={Amazon's {M}echanical {T}urk: {A} new source of inexpensive, yet high-quality, data?},
  author={Buhrmester, M. and Kwang, T. and Gosling, S. D.},
  journal={Perspectives on Psychological Science},
  volume={6},
  number={1},
  pages={3--5},
  year={2011},
  publisher={Sage Publications}
}

@article{hiorns2013brief,
  title={A brief guide to polymer nomenclature},
  author={Hiorns, Roger C and Boucher, Ray J and Duhlev, Rumen and Hellwich, Karl-Heinz and Hodge, Philip and Jenkins, Aubrey D and Jones, Richard G and Kahovec, Jaroslav and Moad, Graeme and Ober, Christopher K and others},
  journal={Polymer},
  volume={54},
  number={1},
  pages={3--4},
  year={2013},
  publisher={Elsevier}
}

@inproceedings{takis2015crowdsourced,
  title={Crowdsourced semantic annotation of scientific publications and tabular data in {PDF}},
  author={Takis, Jaana and Islam, AQM and Lange, Christoph and Auer, S{\"o}ren},
  booktitle={11th International Conference on Semantic Systems},
  pages={1--8},
  year={2015},
  organization={ACM}
}

@incollection{seifert2013crowdsourcing,
  title={Crowdsourcing fact extraction from scientific literature},
  author={Seifert, Christin and Granitzer, Michael and H{\"o}fler, Patrick and Mutlu, Belgin and Sabol, Vedran and Schlegel, Kai and Bayerl, Sebastian and Stegmaier, Florian and Zwicklbauer, Stefan and Kern, Roman},
  booktitle={Human-Computer Interaction and Knowledge Discovery in Complex, Unstructured, Big Data},
  pages={160--172},
  year={2013},
  publisher={Springer}
}

@article{kim2003genia,
  title={{GENIA} corpus--a semantically annotated corpus for bio-textmining},
  author={Kim, J-D and Ohta, Tomoko and Tateisi, Yuka and Tsujii, Jun’ichi},
  journal={Bioinformatics},
  volume={19},
  number={suppl 1},
  pages={i180--i182},
  year={2003},
  publisher={Oxford Univ Press}
}

@inproceedings{smith2005medtag,
  title={{MedTag}: A collection of biomedical annotations},
  author={Smith, Lawrence H and Tanabe, Lorraine and Rindflesch, Thomas and Wilbur, W John},
  booktitle={ACL-ISMB workshop on linking biological literature, ontologies and databases: mining biological semantics},
  pages={32--37},
  year={2005}
}

@article{mattioni2002prediction,
  title={Prediction of glass transition temperatures from monomer and repeat unit structure using computational neural networks},
  author={Mattioni, Brian E and Jurs, Peter C},
  journal={Journal of Chemical Information and Computer Sciences},
  volume={42},
  number={2},
  pages={232--240},
  year={2002},
  publisher={ACS Publications}
}

@article{yu2010support,
  title={Support vector machine-based {QSPR} for the prediction of glass transition temperatures of polymers},
  author={Yu, Xinliang},
  journal={Fibers and Polymers},
  volume={11},
  number={5},
  pages={757--766},
  year={2010},
  publisher={Springer}
}

@article{dibenedetto1987prediction,
  title={Prediction of the glass transition temperature of polymers: A model based on the principle of corresponding states},
  author={DiBenedetto, AT},
  journal={Journal of Polymer Science Part B: Polymer Physics},
  volume={25},
  number={9},
  pages={1949--1969},
  year={1987},
  publisher={Wiley Online Library}
}

@article{rinaldi2007mining,
  title={Mining of relations between proteins over biomedical scientific literature using a deep-linguistic approach},
  author={Rinaldi, Fabio and Schneider, Gerold and Kaljurand, Kaarel and Hess, Michael and Andronis, Christos and Konstandi, Ourania and Persidis, Andreas},
  journal={Artificial Intelligence in Medicine},
  volume={39},
  number={2},
  pages={127--136},
  year={2007},
  publisher={Elsevier}
}

@article{rzhetsky2004geneways,
  title={{GeneWays}: A system for extracting, analyzing, visualizing, and integrating molecular pathway data},
  author={Rzhetsky, Andrey and Iossifov, Ivan and Koike, Tomohiro and Krauthammer, Michael and Kra, Pauline and Morris, Mitzi and Yu, Hong and Dubou{\'e}, Pablo Ariel and Weng, Wubin and Wilbur, W John and others},
  journal={Journal of Biomedical Informatics},
  volume={37},
  number={1},
  pages={43--53},
  year={2004},
  publisher={Elsevier}
}

@inproceedings{kim2004introduction,
  title={Introduction to the bio-entity recognition task at {JNLPBA}},
  author={Kim, Jin-Dong and Ohta, Tomoko and Tsuruoka, Yoshimasa and Tateisi, Yuka and Collier, Nigel},
  booktitle={International Joint Workshop on Natural Language Processing in Biomedicine and its Applications},
  pages={70--75},
  year={2004},
  organization={Association for Computational Linguistics}
}

@article{zhou2008extracting,
  title={Extracting interactions between proteins from the literature},
  author={Zhou, Deyu and He, Yulan},
  journal={Journal of Biomedical Informatics},
  volume={41},
  number={2},
  pages={393--407},
  year={2008},
  publisher={Elsevier}
}

@article{krauthammer2004term,
  title={Term identification in the biomedical literature},
  author={Krauthammer, Michael and Nenadic, Goran},
  journal={Journal of Biomedical Informatics},
  volume={37},
  number={6},
  pages={512--526},
  year={2004},
  publisher={Elsevier}
}

@article{de2016deepdive,
  title={{DeepDive}: Declarative knowledge base construction},
  author={De Sa, Christopher and Ratner, Alex and R{\'e}, Christopher and Shin, Jaeho and Wang, Feiran and Wu, Sen and Zhang, Ce},
  journal={ACM SIGMOD Record},
  volume={45},
  number={1},
  pages={60--67},
  year={2016}
}

@article{hawizy2011chemicaltagger,
  title={{ChemicalTagger}: A tool for semantic text-mining in chemistry},
  author={Hawizy, Lezan and Jessop, David M and Adams, Nico and Murray-Rust, Peter},
  journal={Journal of Cheminformatics},
  volume={3},
  number={1},
  pages={17},
  year={2011},
  publisher={Springer International Publishing}
}

@article{jessop2011oscar4,
  title={{OSCAR4}: A flexible architecture for chemical text-mining},
  author={Jessop, David M and Adams, Sam E and Willighagen, Egon L and Hawizy, Lezan and Murray-Rust, Peter},
  journal={Journal of Cheminformatics},
  volume={3},
  number={1},
  pages={41},
  year={2011},
  publisher={Springer}
}


@book{bird2009natural,
  title={Natural language processing with {P}ython: Analyzing text with the natural language toolkit},
  author={Bird, Steven and Klein, Ewan and Loper, Edward},
  year={2009},
  publisher={O'Reilly Media, Inc.}
}

@article{MGI2014,
   author = {de Pablo, J. J. and Jones, B. and Kovacs, C. L. and Ozolins, V. and Ramirez, A. P.},
   title = {The {Materials Genome Initiative}, the interplay of experiment, theory and computation},
   journal = {Current Opinion in Solid State and Materials Science},
   volume = {18},
   number = {2},
   pages = {99-117},
   year = {2014}
}

@inproceedings{hellmann2013integrating,
  title={Integrating {NLP} using linked data},
  author={Hellmann, Sebastian and Lehmann, Jens and Auer, S{\"o}ren and Br{\"u}mmer, Martin},
  booktitle={International Semantic Web Conference},
  pages={98--113},
  year={2013},
  organization={Springer}
}

@inproceedings{manning2014stanford,
  title={The {S}tanford {CoreNLP} natural language processing toolkit},
  author={Manning, Christopher D and Surdeanu, Mihai and Bauer, John and Finkel, Jenny Rose and Bethard, Steven and McClosky, David},
  booktitle={ACL (System Demonstrations)},
  pages={55--60},
  year={2014}
}

@article{lewinski2015using,
  title={Using natural language processing techniques to inform research on nanotechnology},
  author={Lewinski, Nastassja A and McInnes, Bridget T},
  journal={Beilstein Journal of Nanotechnology},
  volume={6},
  number={1},
  pages={1439--1449},
  year={2015},
  publisher={Beilstein-Institut}
}


@ARTICLE{Tolle2011, 
author={K. M. Tolle and D. S. W. Tansley and A. J. G. Hey}, 
journal={Proceedings of the IEEE}, 
title={The Fourth Paradigm: Data-Intensive Scientific Discovery},
year={2011}, 
volume={99}, 
number={8}, 
pages={1334-1337}, 
keywords={Data mining;Database systems;Information analysis;Information retrieval;Knowledge acquisition;Research and development;Scientific publishing;Search methods}, 
doi={10.1109/JPROC.2011.2155130}, 
ISSN={0018-9219}, 
month={Aug},}

@article{Hill2016,
author = {Hill, Joanne and Mulholland, Gregory and Persson, Kristin and Seshadri, Ram and Wolverton, Chris and Meredig, Bryce},
doi = {10.1557/mrs.2016.93},
file = {:Users/dja3/Documents/PapersPresentations/ChiDB/Merdig2016.pdf:pdf},
issn = {0883-7694},
journal = {MRS Bulletin},
keywords = {data and informatics,erials science with large-scale,unlocking new},
number = {05},
pages = {399--409},
title = {Materials science with large-scale data and informatics: Unlocking new opportunities},
url = {http://www.journals.cambridge.org/abstract_S0883769416000932},
volume = {41},
year = {2016}
}

@article{Nosengo2016,
archivePrefix = {arXiv},
arxivId = {arXiv:1011.1669v3},
author = {Nosengo, Nicola},
doi = {10.1038/533022a},
eprint = {arXiv:1011.1669v3},
file = {:Users/dja3/Documents/PapersPresentations/ChiDB/Nosegno2016.pdf:pdf},
isbn = {9788578110796},
issn = {0028-0836},
journal = {Nature},
keywords = {icle},
month = {may},
number = {7601},
pages = {22--25},
pmid = {25246403},
title = {Can artificial intelligence create the next wonder material?},
url = {http://www.nature.com/doifinder/10.1038/533022a},
volume = {533},
year = {2016}
}

@Book{PolymerHandbook,
title={Polymer Handbook},
editor={Brandrup, J. and  Immergut , Edmund H.  and  Grulke, E. A.},
publisher={ Wiley-Interscience},
year=1999,
edition={4th},
}

@inproceedings{chiticariu2013rule,
  title={Rule-based information extraction is dead! {L}ong live rule-based information extraction systems!},
  author={Chiticariu, Laura and Li, Yunyao and Reiss, Frederick R},
  booktitle={Conference on Empirical Methods in Natural Language Processing},
  pages={827--832},
  year={2013}
}

@article{eltyeb2014chemical,
  title={Chemical named entities recognition: A review on approaches and applications},
  author={Eltyeb, Safaa and Salim, Naomie},
  journal={Journal of Cheminformatics},
  volume={6},
  number={1},
  pages={17},
  year={2014},
  publisher={Springer International Publishing}
}

@article{fox1950second,
  title={Second-order transition temperatures and related properties of polystyrene. {I. I}nfluence of molecular weight},
  author={Fox Jr, Thomas G and Flory, Paul J},
  journal={Journal of Applied Physics},
  volume={21},
  number={6},
  pages={581--591},
  year={1950},
  publisher={AIP}
}

@article{agrawal2016perspective,
  title={Perspective: Materials informatics and big data: Realization of the ``fourth paradigm'' of science in materials science},
  author={Agrawal, Ankit and Choudhary, Alok},
  journal={APL Materials},
  volume={4},
  number={5},
  pages={053208},
  year={2016},
  publisher={AIP Publishing}
}

@book{fedorov1972theory,
  title={Theory of optimal experiments},
  author={Fedorov, Valerii Vadimovich},
  year={1972},
  publisher={Elsevier}
}

@article{emery1998optimal,
  title={Optimal experiment design},
  author={Emery, Ashley F and Nenarokomov, Aleksey V},
  journal={Measurement Science and Technology},
  volume={9},
  number={6},
  pages={864},
  year={1998},
  publisher={IOP Publishing}
}

@article{fedorov2010optimal,
  title={Optimal experimental design},
  author={Fedorov, Valerii},
  journal={Wiley Interdisciplinary Reviews: Computational Statistics},
  volume={2},
  number={5},
  pages={581--589},
  year={2010},
  publisher={Wiley Online Library}
}

@article{Le2012,
	author = {Le, Tu and Epa, V. Chandana and Burden, Frank R. and Winkler, David A.},
	doi = {10.1021/cr200066h},
	isbn = {0009-2665},
	issn = {0009-2665},
	journal = {Chemical Reviews},
	month = {may},
	number = {5},
	pages = {2889--2919},
	pmid = {22251444},
	title = {Quantitative Structure-Property Relationship Modeling of Diverse Materials Properties},
	url = {http://pubs.acs.org/doi/abs/10.1021/cr200066h},
	volume = {112},
	year = {2012}
}

@article{mattia2007comparison,
  title={A Comparison of Hydrogen Bonding and Order in a Polyurethane and Poly (urethane- urea) and Their Blends with Poly (ethylene glycol)},
  author={Mattia, Jason and Painter, Paul},
  journal={Macromolecules},
  volume={40},
  number={5},
  pages={1546--1554},
  year={2007},
  publisher={ACS Publications}
}

@article{friedman1994general,
  title={A general natural-language text processor for clinical radiology},
  author={Friedman, Carol and Alderson, Philip O and Austin, John HM and Cimino, James J and Johnson, Stephen B},
  journal={Journal of the American Medical Informatics Association},
  volume={1},
  number={2},
  pages={161--174},
  year={1994},
  publisher={BMJ Group BMA House, Tavistock Square, London, WC1H 9JR}
}

@article{friedman1999representing,
  title={Representing information in patient reports using natural language processing and the extensible markup language},
  author={Friedman, Carol and Hripcsak, George and Shagina, Lyuda and Liu, Hongfang},
  journal={Journal of the American Medical Informatics Association},
  volume={6},
  number={1},
  pages={76--87},
  year={1999},
  publisher={BMJ Group BMA House, Tavistock Square, London, WC1H 9JR}
}

@article{savova2010mayo,
  title={Mayo clinical Text Analysis and Knowledge Extraction System ({cTAKES}): Architecture, component evaluation and applications},
  author={Savova, Guergana K and Masanz, James J and Ogren, Philip V and Zheng, Jiaping and Sohn, Sunghwan and Kipper-Schuler, Karin C and Chute, Christopher G},
  journal={Journal of the American Medical Informatics Association},
  volume={17},
  number={5},
  pages={507--513},
  year={2010},
  publisher={BMJ Group BMA House, Tavistock Square, London, WC1H 9JR}
}

@inproceedings{friedman2001genies,
  title={{GENIES}: A natural-language processing system for the extraction of molecular pathways from journal articles},
  author={Friedman, Carol and Kra, Pauline and Yu, Hong and Krauthammer, Michael and Rzhetsky, Andrey},
  booktitle={ISMB (supplement of bioinformatics)},
  pages={74--82},
  year={2001}
}

@article{chen2004extracting,
  title={Extracting phenotypic information from the literature via natural language processing},
  author={Chen, Lifeng and Friedman, Carol},
  journal = {Studies in Health Technology and Informatics},
  volume = 107,
  number = 2,
  booktitle={Medinfo},
  pages={758--762},
  year={2004}
}

@article{lussier2007biomedlee,
  title={{BiomedLEE}: A natural-language processor for extracting and representing phenotypes, underlying molecular mechanisms and their relationships},
  author={Lussier, Y and Friedman, C},
  journal={ISMB: 2007},
  year={2007}
}

@article{peters2014machine,
  title={A machine reading system for assembling synthetic paleontological databases},
  author={Peters, Shanan E and Zhang, Ce and Livny, Miron and R{\'e}, Christopher},
  journal={PLoS One},
  volume={9},
  number={12},
  pages={e113523},
  year={2014},
  publisher={Public Library of Science}
}

@misc{PaleoDB,
title={PaleoDB},
howpublished={\url{http://paleodb.org}},
note={Accessed March, 2019}
}

@inproceedings{zhang2013geodeepdive,
  title={{GeoDeepDive}: Statistical inference using familiar data-processing languages},
  author={Zhang, Ce and Govindaraju, Vidhya and Borchardt, Jackson and Foltz, Tim and R{\'e}, Christopher and Peters, Shanan},
  booktitle={ACM SIGMOD International Conference on Management of Data},
  pages={993--996}
}

@inproceedings{franklin2011crowddb,
  title={{CrowdDB}: Answering queries with crowdsourcing},
  author={Franklin, Michael J and Kossmann, Donald and Kraska, Tim and Ramesh, Sukriti and Xin, Reynold},
  booktitle={ACM SIGMOD International Conference on Management of Data},
  pages={61--72},
  year={2011}
}

@article{wallace2017identifying,
  title={Identifying reports of randomized controlled trials ({RCTs}) via a hybrid machine learning and crowdsourcing approach},
  author={Wallace, Byron C and Noel-Storr, Anna and Marshall, Iain J and Cohen, Aaron M and Smalheiser, Neil R and Thomas, James},
  journal={Journal of the American Medical Informatics Association},
  year={2017}
}

@article{imato2015self,
  title={Self-Healing of a Cross-Linked Polymer with Dynamic Covalent Linkages at Mild Temperature and Evaluation at Macroscopic and Molecular Levels},
  author={Imato, Keiichi and Takahara, Atsushi and Otsuka, Hideyuki},
  journal={Macromolecules},
  volume={48},
  number={16},
  pages={5632--5639},
  year={2015},
  publisher={ACS Publications}
}

@article{bandi2006glass,
  title={Glass transition behavior of clay aerogel/poly (vinyl alcohol) composites},
  author={Bandi, Suneel and Schiraldi, David A},
  journal={Macromolecules},
  volume={39},
  number={19},
  pages={6537--6545},
  year={2006},
  publisher={ACS Publications}
}

@inproceedings{otsuka2011polyinfo,
  title={{PoLyInfo}: Polymer Database for polymeric materials design},
  author={Otsuka, Shingo and Kuwajima, Isao and Hosoya, Junko and Xu, Yibin and Yamazaki, Masayoshi},
  booktitle={International Conference on Emerging Intelligent Data and Web Technologies},
  pages={22--29},
  year={2011},
  organization={IEEE}
}

@article{friedman2005semantic,
  title={Semantic text parsing for patient records},
  author={Friedman, Carol},
  journal={Medical Informatics},
  pages={423--448},
  year={2005},
  publisher={Springer}
}

@book{Aho:72,
    author  = {Alfred V. Aho and Jeffrey D. Ullman},
    title   = {The Theory of Parsing, Translation and Compiling},
    year    = "1972",
    volume  = "1",
    publisher = {Prentice-Hall},
    address = {Englewood Cliffs, NJ}
}

@book{APA:83,
    author  = {{American Psychological Association}},
    title   = {Publications Manual},
    year    = "1983",
   publisher = {American Psychological Association},
   address = {Washington, DC}
}

@article{ACM:83,
	year = "1983",
	author = {{Association for Computing Machinery}},
	journal = {Computing Reviews},
	volume = "24",
	number = "11",
	pages = "503--512"
}

@article{Chandra:81,
	author = {Ashok K. Chandra and Dexter C. Kozen and Larry J. Stockmeyer},
	year = "1981",
	title = {Alternation},
	journal = {Journal of the Association for Computing Machinery},
	volume = "28",
	number = "1",
	pages = "114--133",
	doi = "10.1145/322234.322243",
}

@book{Gusfield:97,
    author  = {Dan Gusfield},
    title   = {Algorithms on Strings, Trees and Sequences},
    year    = "1997",
    publisher = {Cambridge University Press},
    address = {Cambridge, UK}
}

@InProceedings{P16-1001,
  author =	{Goodman, James
  	 and Vlachos, Andreas
	     and Naradowsky, Jason},
  title =    "Noise reduction and targeted exploration in imitation learning for      Abstract Meaning Representation parsing    ",
  booktitle = 	    "54th Annual Meeting of the Association for Computational Linguistics",
  year =    "2016",
  publisher =	"Association for Computational Linguistics",
  pages =   "1--11",
  location =	"Berlin, Germany",
  doi =    "10.18653/v1/P16-1001",
  url =    "http://aclweb.org/anthology/P16-1001"
}

@InProceedings{C14-1001,
  author =	"Harper, Mary",
  title = 	"Learning from 26 Languages: Program Management and Science in the Babel Program",
  booktitle = 	"25th International Conference on Computational Linguistics: Technical Papers",
  year =    "2014",
  publisher =	"Dublin City University and Association for Computational Linguistics",
  pages =   "1",
  location =	"Dublin, Ireland",
  url =    "http://aclweb.org/anthology/C14-1001"
}

@misc{fasttext,
  author = {Facebook},
  title = {{FastText}},
  howpublished = "\url{https://fasttext.cc/}",
  year = {2018}, 
  note = "[Online; accessed 09-June-2018]"
}

@inproceedings{rehurek_lrec,
      title = {{Software Framework for Topic Modelling with Large Corpora}},
      author = {Radim {\v R}eh{\r u}{\v r}ek and Petr Sojka},
      booktitle = {Workshop on New Challenges for NLP Frameworks},
      pages = {45--50},
      year = 2010,
      month = May,
      day = 22,
      publisher = {ELRA},
      address = {Valletta, Malta},
      note={\url{http://is.muni.cz/publication/884893/en}},
      language={English}
}

@article{ref:1,
  title={Sharing detailed research data is associated with increased citation rate},
  author={Piwowar, Heather A and Day, Roger S and Fridsma, Douglas B},
  journal={PloS one},
  volume={2},
  number={3},
  pages={e308},
  year={2007},
  publisher={Public Library of Science}
}

@book{ref:2,
  title={Sharing research data.},
  author={Fienberg, Stephen E and Martin, Margaret E and Straf, Miron L},
  year={1985},
  publisher={National Academy Press}
}

@article{ref:3,
  title={The NCBI dbGaP database of genotypes and phenotypes},
  author={Mailman, Matthew D and Feolo, Michael and Jin, Yumi and Kimura, Masato and Tryka, Kimberly and Bagoutdinov, Rinat and Hao, Luning and Kiang, Anne and Paschall, Justin and Phan, Lon and others},
  journal={Nature genetics},
  volume={39},
  number={10},
  pages={1181},
  year={2007},
  publisher={Nature Publishing Group}
}

@article{ref:4,
  title={The Materials Data Facility: Data services to advance materials science research},
  author={Blaiszik, B and Chard, K and Pruyne, J and Ananthakrishnan, R and Tuecke, S and Foster, I},
  journal={JOM},
  volume={68},
  number={8},
  pages={2045--2052},
  year={2016},
  publisher={Springer}
}

@misc{ref:5,
  author = {{University of Michigan}},
  title = {{Inter-university Consortium for Political and Social Research (ICPSR)}},
  howpublished = "\url{https://www.icpsr.umich.edu/icpsrweb/ICPSR/}",
  year = {2018}, 
  note = "[Online; accessed 09-June-2018]"
}

@misc{ref:6,
  title={Data citation synthesis group: Joint declaration of data citation principles. FORCE11},
  author={Martone, M},
  year={2014}
}

@misc{ref:7,
  title={System and method for generating unique and persistent identifiers},
  author={Duggan, Matthew},
  year={2008},
  month=jan # "~10",
  publisher={Google Patents},
  note={US Patent App. 11/444,887}
}

@inproceedings{ref:8,
  title={Datacite-a global registration agency for research data},
  author={Brase, Jan},
  booktitle={Cooperation and Promotion of Information Resources in Science and Technology, 2009. COINFO'09. Fourth International Conference on},
  pages={257--261},
  year={2009},
  organization={IEEE}
}

@misc{ref:9,
  title = {{Crossref}},
  howpublished = "\url{https://www.crossref.org/about/}",
  year = {2018}, 
  note = "[Online; accessed 09-June-2018]"
}

@article{ref:10,
  title={Challenges in matching dataset citation strings to datasets in social science},
  author={Mathiak, Brigitte and Boland, Katarina},
  journal={D-Lib Magazine},
  volume={21},
  number={1/2},
  pages={23--28},
  year={2015},
  publisher={Corporation for National Research Initiatives}
}

@inproceedings{ref:11,
  title={Identity uncertainty and citation matching},
  author={Pasula, Hanna and Marthi, Bhaskara and Milch, Brian and Russell, Stuart J and Shpitser, Ilya},
  booktitle={Advances in neural information processing systems},
  pages={1425--1432},
  year={2003}
}

@article{ref:12,
  title={Digital libraries and autonomous citation indexing},
  author={Lawrence, Steve and Giles, C Lee and Bollacker, Kurt},
  journal={Computer},
  volume={32},
  number={6},
  pages={67--71},
  year={1999},
  publisher={IEEE}
}

@article{ref:13,
  title={Software in the scientific literature: Problems with seeing, finding, and using software mentioned in the biology literature},
  author={Howison, James and Bullard, Julia},
  journal={Journal of the Association for Information Science and Technology},
  volume={67},
  number={9},
  pages={2137--2155},
  year={2016},
  publisher={Wiley Online Library}
}

@inproceedings{ref:14,
  title={Identifying references to datasets in publications},
  author={Boland, Katarina and Ritze, Dominique and Eckert, Kai and Mathiak, Brigitte},
  booktitle={International Conference on Theory and Practice of Digital Libraries},
  pages={150--161},
  year={2012},
  organization={Springer}
}

@article{ref:15,
  title={A semi-automatic approach for detecting dataset references in social science texts},
  author={Ghavimi, Behnam and Mayr, Philipp and Lange, Christoph and Vahdati, Sahar and Auer, S{\"o}ren},
  journal={Information Services \& Use},
  volume={36},
  number={3-4},
  pages={171--187},
  year={2016},
  publisher={IOS Press}
}

@inproceedings{ref:16,
  title={A dataset search engine for the research document corpus},
  author={Lu, Meiyu and Bangalore, Srinivas and Cormode, Graham and Hadjieleftheriou, Marios and Srivastava, Divesh},
  booktitle={Data Engineering (ICDE), 2012 IEEE 28th International Conference on},
  pages={1237--1240},
  year={2012},
  organization={IEEE}
}

@article{ref:17,
  title={Database citation in full text biomedical articles},
  author={Kafkas, {\c{S}}enay and Kim, Jee-Hyub and McEntyre, Johanna R},
  journal={PloS one},
  volume={8},
  number={5},
  pages={e63184},
  year={2013},
  publisher={Public Library of Science}
}

@inproceedings{ref:18,
  title={Identifying data sharing in biomedical literature},
  author={Piwowar, Heather A and Chapman, Wendy W},
  booktitle={AMIA Annual Symposium Proceedings},
  volume={2008},
  pages={596},
  year={2008},
  organization={American Medical Informatics Association}
}

@inproceedings{finkel2005incorporating,
  title={Incorporating non-local information into information extraction systems by {G}ibbs sampling},
  author={Finkel, Jenny Rose and Grenager, Trond and Manning, Christopher},
  booktitle={43rd Annual Meeting of the Association for Computational Linguistics},
  pages={363--370},
  year={2005},
  organization={Association for Computational Linguistics}
}

@misc{MEDKAT,
  title = {The {MedKAT} Pipeline},
  note = {\url{http://ohnlp.sourceforge.net/MedKATp/}. Accessed June 1, 2018}
  }

@misc{mccallum2002mallet,
  title={{MALLET}: A machine learning for language toolkit},
  author={McCallum, Andrew Kachites},
  note = {\url{http://mallet.cs.umass.edu}},
  year={2002}
}

@article{towns2014xsede,
  title={{XSEDE}: Accelerating scientific discovery},
  author={Towns, John and Cockerill, Timothy and Dahan, Maytal and Foster, Ian and Gaither, Kelly and Grimshaw, Andrew and Hazlewood, Victor and Lathrop, Scott and Lifka, Dave and Peterson, Gregory D and others},
  journal={Computing in Science \& Engineering},
  volume={16},
  number={5},
  pages={62--74},
  year={2014},
  publisher={IEEE}
}

@article{stewart2015jetstream,
  title={Jetstream: A self-provisoned, scalable science and engineering cloud environment},
  author={Stewart, Craig A and Cockerill, Timothy M and Foster, Ian and Hancock, David and Merchant, Nirav and Skidmore, Edwin and Stanzione, Daniel and Taylor, James and Tuecke, Steven and Turner, George and others},
  year={2015}
}

@article{lutz2014polymer,
author = {Lutz, Jean-Fran\c{c}ois},
title = {Aperiodic Copolymers},
journal = {ACS Macro Letters},
volume = {3},
number = {10},
pages = {1020-1023},
year = {2014},
doi = {10.1021/mz5004823}
}

@article{tamames2006success,
  title={The success (or not) of {HUGO} nomenclature},
  author={Tamames, Javier and Valencia, Alfonso},
  journal={Genome biology},
  volume={7},
  number={5},
  pages={402},
  year={2006},
  publisher={BioMed Central}
}

@incollection{chawla2009data,
  title={Data mining for imbalanced datasets: An overview},
  author={Chawla, Nitesh V},
  booktitle={Data mining and knowledge discovery handbook},
  pages={875--886},
  year={2009},
  publisher={Springer}
}

@article{kotsiantis2006handling,
  title={Handling imbalanced datasets: A review},
  author={Kotsiantis, Sotiris and Kanellopoulos, Dimitris and Pintelas, Panayiotis and others},
  journal={GESTS International Transactions on Computer Science and Engineering},
  volume={30},
  number={1},
  pages={25--36},
  year={2006}
}

@article{mazurowski2008training,
  title={Training neural network classifiers for medical decision making: The effects of imbalanced datasets on classification performance},
  author={Mazurowski, Maciej A and Habas, Piotr A and Zurada, Jacek M and Lo, Joseph Y and Baker, Jay A and Tourassi, Georgia D},
  journal={Neural networks},
  volume={21},
  number={2-3},
  pages={427--436},
  year={2008},
  publisher={Elsevier}
}

@article{himmelberger2015engineering,
  title={Engineering semiconducting polymers for efficient charge transport},
  author={Himmelberger, Scott and Salleo, Alberto},
  journal={MRS Communications},
  volume={5},
  number={3},
  pages={383--395},
  year={2015},
  publisher={Cambridge University Press}
}

@article{maaten2008visualizing,
  title={Visualizing data using t-SNE},
  author={Maaten, Laurens van der and Hinton, Geoffrey},
  journal={Journal of machine learning research},
  volume={9},
  number={Nov},
  pages={2579--2605},
  year={2008}
}

@article{zeng2015survey,
  title={Survey of natural language processing techniques in bioinformatics},
  author={Zeng, Zhiqiang and Shi, Hua and Wu, Yun and Hong, Zhiling},
  journal={Computational and mathematical methods in medicine},
  volume={2015},
  year={2015},
  publisher={Hindawi}
}

@inproceedings{agichtein2000snowball,
  title={Snowball: Extracting relations from large plain-text collections},
  author={Agichtein, Eugene and Gravano, Luis},
  booktitle={Proceedings of the fifth ACM conference on Digital libraries},
  pages={85--94},
  year={2000},
  organization={ACM}
}

@inproceedings{brin1998extracting,
  title={Extracting patterns and relations from the world wide web},
  author={Brin, Sergey},
  booktitle={International Workshop on The World Wide Web and Databases},
  pages={172--183},
  year={1998},
  organization={Springer}
}

@article{zhou2017brief,
  title={A brief introduction to weakly supervised learning},
  author={Zhou, Zhi-Hua},
  journal={National Science Review},
  volume={5},
  number={1},
  pages={44--53},
  year={2017},
  publisher={Oxford University Press}
}


@incollection{auer2007dbpedia,
  title={Dbpedia: A nucleus for a web of open data},
  author={Auer, S{\"o}ren and Bizer, Christian and Kobilarov, Georgi and Lehmann, Jens and Cyganiak, Richard and Ives, Zachary},
  booktitle={The semantic web},
  pages={722--735},
  year={2007},
  publisher={Springer}
}

@inproceedings{bollacker2008freebase,
  title={Freebase: a collaboratively created graph database for structuring human knowledge},
  author={Bollacker, Kurt and Evans, Colin and Paritosh, Praveen and Sturge, Tim and Taylor, Jamie},
  booktitle={Proceedings of the 2008 ACM SIGMOD international conference on Management of data},
  pages={1247--1250},
  year={2008},
  organization={AcM}
}

@inproceedings{mintz2009distant,
  title={Distant supervision for relation extraction without labeled data},
  author={Mintz, Mike and Bills, Steven and Snow, Rion and Jurafsky, Dan},
  booktitle={Proceedings of the Joint Conference of the 47th Annual Meeting of the ACL and the 4th International Joint Conference on Natural Language Processing of the AFNLP: Volume 2-Volume 2},
  pages={1003--1011},
  year={2009},
  organization={Association for Computational Linguistics}
}

@incollection{lewis1994heterogeneous,
  title={Heterogeneous uncertainty sampling for supervised learning},
  author={Lewis, David D and Catlett, Jason},
  booktitle={Machine learning proceedings 1994},
  pages={148--156},
  year={1994},
  publisher={Elsevier}
}

@inproceedings{campbell2000query,
  title={Query learning with large margin classifiers},
  author={Campbell, Colin and Cristianini, Nello and Smola, Alex and others},
  booktitle={ICML},
  volume={20},
  number={0},
  pages={0},
  year={2000}
}

@inproceedings{seung1992query,
  title={Query by committee},
  author={Seung, H Sebastian and Opper, Manfred and Sompolinsky, Haim},
  booktitle={Proceedings of the fifth annual workshop on Computational learning theory},
  pages={287--294},
  year={1992},
  organization={ACM}
}

@inproceedings{nguyen2004active,
  title={Active learning using pre-clustering},
  author={Nguyen, Hieu T and Smeulders, Arnold},
  booktitle={Proceedings of the twenty-first international conference on Machine learning},
  pages={79},
  year={2004},
  organization={ACM}
}

@inproceedings{dasgupta2008hierarchical,
  title={Hierarchical sampling for active learning},
  author={Dasgupta, Sanjoy and Hsu, Daniel},
  booktitle={Proceedings of the 25th international conference on Machine learning},
  pages={208--215},
  year={2008},
  organization={ACM}
}

@inproceedings{ratner2016data,
  title={Data programming: Creating large training sets, quickly},
  author={Ratner, Alexander J and De Sa, Christopher M and Wu, Sen and Selsam, Daniel and R{\'e}, Christopher},
  booktitle={Advances in Neural Information Processing Systems},
  pages={3567--3575},
  year={2016}
}

@phdthesis{zhang2015deepdive,
  title={DeepDive: A Data Management System for Automatic Knowledge Base Construction},
  author={Zhang, Ce},
  year={2015},
  school={UW-Madison}
}

@inproceedings{krallinger2013overview,
  title={Overview of the chemical compound and drug name recognition ({CHEMDNER}) task},
  author={Krallinger, Martin and Leitner, Florian and Rabal, Obdulia and Vazquez, Miguel and Oyarzabal, Julen and Valencia, Alfonso},
  booktitle={BioCreative Challenge Evaluation Workshop},
  volume={2},
  pages={2},
  year={2013}
}


@inproceedings{tjong2003introduction,
  title={Introduction to the {CoNLL}-2003 shared task: Language-independent named entity recognition},
  author= {Sang, Erik F Tjong Kim and De Meulder, Fien},
  booktitle={7th Conference on Natural Language Learning},
  pages={142--147},
  year={2003}
}


@inproceedings{brinker2003incorporating,
  title={Incorporating diversity in active learning with support vector machines},
  author={Brinker, Klaus},
  booktitle={Proceedings of the 20th international conference on machine learning (ICML-03)},
  pages={59--66},
  year={2003}
}

@article{young2018data,
  title={Data mining for better material synthesis: The case of pulsed laser deposition of complex oxides},
  author={Young, Steven R and Maksov, Artem and Ziatdinov, Maxim and Cao, Ye and Burch, Matthew and Balachandran, Janakiraman and Li, Linglong and Somnath, Suhas and Patton, Robert M and Kalinin, Sergei V and others},
  journal={Journal of Applied Physics},
  volume={123},
  number={11},
  pages={115303},
  year={2018},
  publisher={AIP Publishing}
}

@inproceedings{song2004posbiotm,
  title={POSBIOTM-NER in the shared task of BioNLP/NLPBA 2004},
  author={Song, Yu and Kim, Eunju and Lee, Gary Geunbae and Yi, Byoung-kee},
  booktitle={Proceedings of the International Joint Workshop on Natural Language Processing in Biomedicine and its Applications},
  pages={100--103},
  year={2004},
  organization={Association for Computational Linguistics}
}
